<?xml version="1.0" encoding="UTF-8"?><collection><record><leader>06304ntm a2200673 a 4500</leader><controlfield tag="001">006814648</controlfield><controlfield tag="003">MiAaHDL</controlfield><controlfield tag="005">20190719000000.0</controlfield><controlfield tag="006">m        d        </controlfield><controlfield tag="007">cr bn ---auaua</controlfield><controlfield tag="008">090608q15001520xx            00| ||ara d</controlfield><datafield tag="035" ind1=" " ind2=" "><subfield code="a">(MiU)006814648</subfield></datafield><datafield tag="035" ind1=" " ind2=" "><subfield code="a">sdr-miu006814648</subfield></datafield><datafield tag="040" ind1=" " ind2=" "><subfield code="a">MiU</subfield><subfield code="c">MiU</subfield><subfield code="e">amremm</subfield></datafield><datafield tag="041" ind1="1" ind2=" "><subfield code="a">per</subfield><subfield code="a">ara</subfield><subfield code="h">ara</subfield></datafield><datafield tag="043" ind1=" " ind2=" "><subfield code="a">n-us-mi</subfield></datafield><datafield tag="100" ind1="0" ind2=" "><subfield code="6">880-01</subfield><subfield code="a">Jāmī,</subfield><subfield code="d">1414-1492.</subfield></datafield><datafield tag="245" ind1="1" ind2="0"><subfield code="6">880-03</subfield><subfield code="a">[Arbaʻīn-i Jāmī,</subfield><subfield code="f">early 16th century?].</subfield></datafield><datafield tag="246" ind1="3" ind2=" "><subfield code="a">اربعين جامى</subfield></datafield><datafield tag="246" ind1="3" ind2=" "><subfield code="6">880-04</subfield><subfield code="a">Tarjamah-ʼi manẓūm-i chihil ḥadīs̲</subfield></datafield><datafield tag="260" ind1=" " ind2=" "><subfield code="c">[1500-1520?].</subfield></datafield><datafield tag="300" ind1=" " ind2=" "><subfield code="a">8 leaves :</subfield><subfield code="b">paper ;</subfield><subfield code="c">190 x 127 (140 x 72) mm.</subfield></datafield><datafield tag="500" ind1=" " ind2=" "><subfield code="a">Shelfmark: Ann Arbor, University of Michigan, Special Collections Library, Isl. Ms. 431</subfield></datafield><datafield tag="500" ind1=" " ind2=" "><subfield code="a">Origin: As appears in colophon on p.16, executed by Sulṭān ʻAlī [possibly Sulṭān ʻAlī Mashhadī?] ; date of transcription not specified ; decoration, hand, etc. suggest early 16th century.</subfield></datafield><datafield tag="500" ind1=" " ind2=" "><subfield code="a">Former shelfmark: "450 T. De M. [i.e. Tammaro De Marinis]" inscribed in pencil on verso of both front flyleaves.</subfield></datafield><datafield tag="500" ind1=" " ind2=" "><subfield code="a">Binding: Pasteboards covered in dark purple leather ; Type III binding (without flap) ; pastedowns and flyleaves in light-blue textured paper ; upper and lower covers bear gold-painted central floral motif with tooled borders in gold (two different shades) ; sewn in heavy yellow thread, four stations ; overall in fair condition with some abrasion, lifting and losses of leather and paper, etc.</subfield></datafield><datafield tag="500" ind1=" " ind2=" "><subfield code="a">Support: Written area mounted in lovely silhouette paper (floral designs in pink) in leaves of non-European (likely Persian) laid paper with 8 laid lines per cm. (horizontal, fairly distinct) and no chain lines visible, thin and transluscent though sturdy, well-burnished ; some staining and tide lines.</subfield></datafield><datafield tag="500" ind1=" " ind2=" "><subfield code="a">Decoration: Elegant illuminated headpiece (ʻunwān) at opening on p.2 consisting of rectangular piece with empty gold cartouche and surrounding floral vegetal accents in gold, red, lavender, orange, pink, light blue, white, etc. on a field of lapis lazuli bordered in bands of lapis, gold and orange-red, surmounted by a scalloped triangular piece or hasp set in a narrow rectangular piece continuing the floral vegetal design and itself surmounted by vertical stalks (tīgh) in lapis lazuli ; written area throughout surrounded by frame in bands of green and gold with outermost blue rule ; panels within written area (and entire written area of incipit page) gold-flecked ; ḥadīth text in light-blue and white ink.</subfield></datafield><datafield tag="500" ind1=" " ind2=" "><subfield code="a">Script: Nastaʻlīq ; elegant hand ; serifless with characteristic descent of words to baseline and superscripting of final words and letters ; elongation of horizontal strokes.</subfield></datafield><datafield tag="500" ind1=" " ind2=" "><subfield code="a">Layout: Written in roughly 9 lines per page, three of ḥadīth text and six of the Persian verse paraphrase with the hemistiches of four lines of verse divided and arranged on the diagonal ; written area divided to set off the ḥadīth text and elucidation ; frame-ruled.</subfield></datafield><datafield tag="500" ind1=" " ind2=" "><subfield code="a">Collation: ii, IV (8), ii ; single quaternion ; catchwords present ; pagination in pencil, Western numerals, supplied during digitization.</subfield></datafield><datafield tag="500" ind1=" " ind2=" "><subfield code="a">Colophon: "Scribal," reads "احقر العباد سلطان على"</subfield></datafield><datafield tag="500" ind1=" " ind2=" "><subfield code="a">Explicit: "ومن كلامه صلى الله عليه و آله لا يشبع المؤمن من دون جاره هر که در خطه مسلمانی باشد از نقد دین گر انمایه ... تمت ترجمه هذه الاربعين بتوفيق من هو ناصر ومعين سنه ست و ثمانين و ثمانمائة متع الله بها كل فريق فيه و الحمد لله على الاتمام و الصلوه و السلام على محمد و آله البررة الكرام اربعینهاى سالکان جامی هست بهر وصول صدر قبول منست از فضل حق عجیب و غریب که بدین اربعین رسی بوصول"</subfield></datafield><datafield tag="500" ind1=" " ind2=" "><subfield code="a">Incipit: "صحیح ترین حدیثى که راویان مجالس دین ... این چهل کلمه است ازان کلمات که سهولت فهم و حفظ را بنظم فارسی ترجمه گر ده مي آید امید ... لا يؤمن احدكم حتى يحب لاخيه ما يحب لنفسه هر کسی را لقب مکن مؤمن گرچه از سعی جان وتن کاهد ..."</subfield></datafield><datafield tag="500" ind1=" " ind2=" "><subfield code="a">Title supplied by cataloguer.</subfield></datafield><datafield tag="500" ind1=" " ind2=" "><subfield code="a">Ms. codex.</subfield></datafield><datafield tag="510" ind1="4" ind2=" "><subfield code="a">Gandjeï, T. "Sulṭān Ḥusayn,"</subfield><subfield code="c">EI2.</subfield></datafield><datafield tag="510" ind1="4" ind2=" "><subfield code="a">Blair, Sheila. Islamic Calligraphy. (Edinburgh: Edinburgh University Press, 2006),</subfield><subfield code="c">pp.280-286</subfield></datafield><datafield tag="510" ind1="4" ind2=" "><subfield code="a">Soucek, Priscilla. "The Arts of Calligraphy." In The Arts of the book in Central Asia: 14th-16th centuries. Ed. Basil Gray. (Boulder, CO: Shambhala Publications, 1979):</subfield><subfield code="c">7-34</subfield></datafield><datafield tag="510" ind1="4" ind2=" "><subfield code="a">Bayānī, Mahdī. Aḥvāl va āsār-i khūshʹnavīsān : nastaʻlīq navīsān. [Tehran] : Dānishgāh-i Tihrān, 1345 [1966],</subfield><subfield code="c">v.1 pp.241-266</subfield></datafield><datafield tag="510" ind1="4" ind2=" "><subfield code="a">Cat. Pers. MSS. Brit. Mus.,</subfield><subfield code="c">p. 17</subfield></datafield><datafield tag="520" ind1="8" ind2=" "><subfield code="a">Exquisite copy of Jāmī's verse paraphrase of forty ḥadīth, possibly executed by renowned Timurid calligrapher Sulṭān ʻAlī Mashhadī (d.1520).</subfield></datafield><datafield tag="538" ind1=" " ind2=" "><subfield code="a">Mode of access: Internet.</subfield></datafield><datafield tag="541" ind1=" " ind2=" "><subfield code="c">Purchase ;</subfield><subfield code="a">Acquired by purchase (funds donated by Horace Rackham).</subfield><subfield code="d">1924.</subfield></datafield><datafield tag="546" ind1=" " ind2=" "><subfield code="a">Arabic and Persian.</subfield></datafield><datafield tag="561" ind1=" " ind2=" "><subfield code="a">Fairly clean copy.</subfield></datafield><datafield tag="650" ind1=" " ind2="0"><subfield code="a">Manuscripts, Persian</subfield><subfield code="z">Michigan</subfield><subfield code="z">Ann Arbor.</subfield></datafield><datafield tag="650" ind1=" " ind2="0"><subfield code="a">Manuscripts, Arabic</subfield><subfield code="z">Michigan</subfield><subfield code="z">Ann Arbor.</subfield></datafield><datafield tag="650" ind1=" " ind2="0"><subfield code="a">Hadith</subfield><subfield code="v">Poetry</subfield><subfield code="v">Early works to 1800.</subfield></datafield><datafield tag="650" ind1=" " ind2="0"><subfield code="a">Hadith</subfield><subfield code="x">Criticism, interpretation, etc.</subfield><subfield code="v">Early works to 1800.</subfield></datafield><datafield tag="650" ind1=" " ind2="0"><subfield code="a">Hadith</subfield><subfield code="v">Texts</subfield><subfield code="v">Early works to 1800.</subfield></datafield><datafield tag="655" ind1=" " ind2="7"><subfield code="a">Headpieces (layout features)</subfield><subfield code="y">16th century.</subfield><subfield code="2">aat</subfield></datafield><datafield tag="700" ind1="0" ind2=" "><subfield code="a">Abdülhamid</subfield><subfield code="b">II,</subfield><subfield code="c">Sultan of the Turks,</subfield><subfield code="d">1842-1918,</subfield><subfield code="e">former owner.</subfield></datafield><datafield tag="700" ind1="0" ind2=" "><subfield code="6">880-07</subfield><subfield code="a">Sulṭān ʻAlī,</subfield><subfield code="e">scribe,</subfield><subfield code="e">calligrapher.</subfield></datafield><datafield tag="773" ind1="0" ind2=" "><subfield code="a">Abdul Hamid Collection.</subfield></datafield><datafield tag="880" ind1="0" ind2=" "><subfield code="6">700-07/</subfield><subfield code="a">سلطان علي،</subfield><subfield code="e">ناسخ،</subfield><subfield code="e">خطاط.</subfield></datafield><datafield tag="880" ind1="3" ind2=" "><subfield code="6">246-04/</subfield><subfield code="a">ترجمۀ منظوم چهل حدیث</subfield></datafield><datafield tag="880" ind1="1" ind2="0"><subfield code="6">245-03/</subfield><subfield code="a">[اربعین جامی,</subfield><subfield code="f">آغاز قرن 16م؟].</subfield></datafield><datafield tag="880" ind1="0" ind2=" "><subfield code="6">100-01/</subfield><subfield code="a">.جامي</subfield></datafield><datafield tag="CID" ind1=" " ind2=" "><subfield code="a">006814648</subfield></datafield><datafield tag="DAT" ind1="0" ind2=" "><subfield code="a">20190719102638.0</subfield><subfield code="b">20190719000000.0</subfield></datafield><datafield tag="DAT" ind1="1" ind2=" "><subfield code="a">20190719090653.0</subfield><subfield code="b">2019-07-19T16:12:07Z</subfield></datafield><datafield tag="DAT" ind1="2" ind2=" "><subfield code="a">2015-10-02T18:00:03Z</subfield></datafield><datafield tag="CAT" ind1=" " ind2=" "><subfield code="a">SDR-MIU</subfield><subfield code="d">EX LIBRIS - ALEPH</subfield><subfield code="l">prepare.pl-004-008</subfield></datafield><datafield tag="FMT" ind1=" " ind2=" "><subfield code="a">BK</subfield></datafield><datafield tag="HOL" ind1=" " ind2=" "><subfield code="0">sdr-miu006814648</subfield><subfield code="a">MiU</subfield><subfield code="b">SDR</subfield><subfield code="c">MIU</subfield><subfield code="p">mdp.39015079129147</subfield><subfield code="s">MIU</subfield><subfield code="1">006814648</subfield></datafield><datafield tag="974" ind1=" " ind2=" "><subfield code="b">MIU</subfield><subfield code="c">MIU</subfield><subfield code="d">20190719</subfield><subfield code="s">lit-dlps-dc</subfield><subfield code="u">mdp.39015079129147</subfield><subfield code="y">1520</subfield><subfield code="r">pd</subfield><subfield code="q">bib</subfield><subfield code="t">non-US bib date2 &lt; 1896</subfield></datafield></record></collection>